%YAML 1.1
%TAG !u! tag:unity3d.com,2011:
--- !u!1 &5834797357768736051
GameObject:
  m_ObjectHideFlags: 0
  m_CorrespondingSourceObject: {fileID: 0}
  m_PrefabInstance: {fileID: 0}
  m_PrefabAsset: {fileID: 0}
  serializedVersion: 6
  m_Component:
  - component: {fileID: 5834797357768736048}
  - component: {fileID: 5834797357768736049}
  - component: {fileID: 5834797357768736050}
  m_Layer: 0
  m_Name: Obstacle 6
  m_TagString: Untagged
  m_Icon: {fileID: 0}
  m_NavMeshLayer: 0
  m_StaticEditorFlags: 0
  m_IsActive: 1
--- !u!4 &5834797357768736048
Transform:
  m_ObjectHideFlags: 0
  m_CorrespondingSourceObject: {fileID: 0}
  m_PrefabInstance: {fileID: 0}
  m_PrefabAsset: {fileID: 0}
  m_GameObject: {fileID: 5834797357768736051}
  m_LocalRotation: {x: 0, y: 0, z: 0, w: 1}
  m_LocalPosition: {x: 0, y: 0, z: 0}
  m_LocalScale: {x: 1, y: 1, z: 1}
  m_Children:
  - {fileID: 5834797357990451618}
  - {fileID: 5796961761870407791}
  - {fileID: 5796961762146839926}
  - {fileID: 5796961761436354424}
  - {fileID: 5796961762912705267}
  m_Father: {fileID: 0}
  m_RootOrder: 0
  m_LocalEulerAnglesHint: {x: 0, y: 0, z: 0}
--- !u!54 &5834797357768736049
Rigidbody:
  m_ObjectHideFlags: 0
  m_CorrespondingSourceObject: {fileID: 0}
  m_PrefabInstance: {fileID: 0}
  m_PrefabAsset: {fileID: 0}
  m_GameObject: {fileID: 5834797357768736051}
  serializedVersion: 2
  m_Mass: 1
  m_Drag: 0
  m_AngularDrag: 0.05
  m_UseGravity: 0
  m_IsKinematic: 1
  m_Interpolate: 0
  m_Constraints: 0
  m_CollisionDetection: 0
--- !u!114 &5834797357768736050
MonoBehaviour:
  m_ObjectHideFlags: 0
  m_CorrespondingSourceObject: {fileID: 0}
  m_PrefabInstance: {fileID: 0}
  m_PrefabAsset: {fileID: 0}
  m_GameObject: {fileID: 5834797357768736051}
  m_Enabled: 1
  m_EditorHideFlags: 0
  m_Script: {fileID: 11500000, guid: 2296a78fbc28c6048b796a409ffcdcda, type: 3}
  m_Name: 
  m_EditorClassIdentifier: 
  speed: 100
--- !u!1001 &1663949485291960346
PrefabInstance:
  m_ObjectHideFlags: 0
  serializedVersion: 2
  m_Modification:
    m_TransformParent: {fileID: 5834797357768736048}
    m_Modifications:
    - target: {fileID: 5144653662234787683, guid: 80eb0d5691c0e6147a10dbf41c852cc2,
        type: 3}
      propertyPath: m_Name
      value: obstacle block (1)
      objectReference: {fileID: 0}
    - target: {fileID: 5144653662234787682, guid: 80eb0d5691c0e6147a10dbf41c852cc2,
        type: 3}
      propertyPath: m_LocalPosition.x
      value: -0.41061264
      objectReference: {fileID: 0}
    - target: {fileID: 5144653662234787682, guid: 80eb0d5691c0e6147a10dbf41c852cc2,
        type: 3}
      propertyPath: m_LocalPosition.y
      value: -0.0325
      objectReference: {fileID: 0}
    - target: {fileID: 5144653662234787682, guid: 80eb0d5691c0e6147a10dbf41c852cc2,
        type: 3}
      propertyPath: m_LocalPosition.z
      value: 0.48934934
      objectReference: {fileID: 0}
    - target: {fileID: 5144653662234787682, guid: 80eb0d5691c0e6147a10dbf41c852cc2,
        type: 3}
      propertyPath: m_LocalRotation.x
      value: -0
      objectReference: {fileID: 0}
    - target: {fileID: 5144653662234787682, guid: 80eb0d5691c0e6147a10dbf41c852cc2,
        type: 3}
      propertyPath: m_LocalRotation.y
      value: -0.34202
      objectReference: {fileID: 0}
    - target: {fileID: 5144653662234787682, guid: 80eb0d5691c0e6147a10dbf41c852cc2,
        type: 3}
      propertyPath: m_LocalRotation.z
      value: -0
      objectReference: {fileID: 0}
    - target: {fileID: 5144653662234787682, guid: 80eb0d5691c0e6147a10dbf41c852cc2,
        type: 3}
      propertyPath: m_LocalRotation.w
      value: 0.93969274
      objectReference: {fileID: 0}
    - target: {fileID: 5144653662234787682, guid: 80eb0d5691c0e6147a10dbf41c852cc2,
        type: 3}
      propertyPath: m_RootOrder
      value: 3
      objectReference: {fileID: 0}
    - target: {fileID: 5144653662234787682, guid: 80eb0d5691c0e6147a10dbf41c852cc2,
        type: 3}
      propertyPath: m_LocalEulerAnglesHint.x
      value: 0
      objectReference: {fileID: 0}
    - target: {fileID: 5144653662234787682, guid: 80eb0d5691c0e6147a10dbf41c852cc2,
        type: 3}
      propertyPath: m_LocalEulerAnglesHint.y
      value: 0
      objectReference: {fileID: 0}
    - target: {fileID: 5144653662234787682, guid: 80eb0d5691c0e6147a10dbf41c852cc2,
        type: 3}
      propertyPath: m_LocalEulerAnglesHint.z
      value: 0
      objectReference: {fileID: 0}
    - target: {fileID: 5144653662234787682, guid: 80eb0d5691c0e6147a10dbf41c852cc2,
        type: 3}
      propertyPath: m_LocalScale.y
      value: 0.4626
      objectReference: {fileID: 0}
    m_RemovedComponents: []
  m_SourcePrefab: {fileID: 100100000, guid: 80eb0d5691c0e6147a10dbf41c852cc2, type: 3}
--- !u!4 &5796961761436354424 stripped
Transform:
  m_CorrespondingSourceObject: {fileID: 5144653662234787682, guid: 80eb0d5691c0e6147a10dbf41c852cc2,
    type: 3}
  m_PrefabInstance: {fileID: 1663949485291960346}
  m_PrefabAsset: {fileID: 0}
--- !u!1001 &1663949485864408845
PrefabInstance:
  m_ObjectHideFlags: 0
  serializedVersion: 2
  m_Modification:
    m_TransformParent: {fileID: 5834797357768736048}
    m_Modifications:
    - target: {fileID: 5144653662234787683, guid: 80eb0d5691c0e6147a10dbf41c852cc2,
        type: 3}
      propertyPath: m_Name
      value: obstacle block (1)
      objectReference: {fileID: 0}
    - target: {fileID: 5144653662234787682, guid: 80eb0d5691c0e6147a10dbf41c852cc2,
        type: 3}
      propertyPath: m_LocalPosition.x
      value: 0.6290951
      objectReference: {fileID: 0}
    - target: {fileID: 5144653662234787682, guid: 80eb0d5691c0e6147a10dbf41c852cc2,
        type: 3}
      propertyPath: m_LocalPosition.y
      value: -0.0325
      objectReference: {fileID: 0}
    - target: {fileID: 5144653662234787682, guid: 80eb0d5691c0e6147a10dbf41c852cc2,
        type: 3}
      propertyPath: m_LocalPosition.z
      value: 0.110927165
      objectReference: {fileID: 0}
    - target: {fileID: 5144653662234787682, guid: 80eb0d5691c0e6147a10dbf41c852cc2,
        type: 3}
      propertyPath: m_LocalRotation.x
      value: -0
      objectReference: {fileID: 0}
    - target: {fileID: 5144653662234787682, guid: 80eb0d5691c0e6147a10dbf41c852cc2,
        type: 3}
      propertyPath: m_LocalRotation.y
      value: 0.64278716
      objectReference: {fileID: 0}
    - target: {fileID: 5144653662234787682, guid: 80eb0d5691c0e6147a10dbf41c852cc2,
        type: 3}
      propertyPath: m_LocalRotation.z
      value: -0
      objectReference: {fileID: 0}
    - target: {fileID: 5144653662234787682, guid: 80eb0d5691c0e6147a10dbf41c852cc2,
        type: 3}
      propertyPath: m_LocalRotation.w
      value: 0.7660448
      objectReference: {fileID: 0}
    - target: {fileID: 5144653662234787682, guid: 80eb0d5691c0e6147a10dbf41c852cc2,
        type: 3}
      propertyPath: m_RootOrder
      value: 1
      objectReference: {fileID: 0}
    - target: {fileID: 5144653662234787682, guid: 80eb0d5691c0e6147a10dbf41c852cc2,
        type: 3}
      propertyPath: m_LocalEulerAnglesHint.x
      value: 0
      objectReference: {fileID: 0}
    - target: {fileID: 5144653662234787682, guid: 80eb0d5691c0e6147a10dbf41c852cc2,
        type: 3}
      propertyPath: m_LocalEulerAnglesHint.y
      value: 0
      objectReference: {fileID: 0}
    - target: {fileID: 5144653662234787682, guid: 80eb0d5691c0e6147a10dbf41c852cc2,
        type: 3}
      propertyPath: m_LocalEulerAnglesHint.z
      value: 0
      objectReference: {fileID: 0}
    - target: {fileID: 5144653662234787682, guid: 80eb0d5691c0e6147a10dbf41c852cc2,
        type: 3}
      propertyPath: m_LocalScale.x
      value: 0.26165205
      objectReference: {fileID: 0}
    - target: {fileID: 5144653662234787682, guid: 80eb0d5691c0e6147a10dbf41c852cc2,
        type: 3}
      propertyPath: m_LocalScale.y
      value: 0.4626
      objectReference: {fileID: 0}
    - target: {fileID: 5144653662234787682, guid: 80eb0d5691c0e6147a10dbf41c852cc2,
        type: 3}
      propertyPath: m_LocalScale.z
      value: 0.14736126
      objectReference: {fileID: 0}
    m_RemovedComponents: []
  m_SourcePrefab: {fileID: 100100000, guid: 80eb0d5691c0e6147a10dbf41c852cc2, type: 3}
--- !u!4 &5796961761870407791 stripped
Transform:
  m_CorrespondingSourceObject: {fileID: 5144653662234787682, guid: 80eb0d5691c0e6147a10dbf41c852cc2,
    type: 3}
  m_PrefabInstance: {fileID: 1663949485864408845}
  m_PrefabAsset: {fileID: 0}
--- !u!1001 &1663949486124323348
PrefabInstance:
  m_ObjectHideFlags: 0
  serializedVersion: 2
  m_Modification:
    m_TransformParent: {fileID: 5834797357768736048}
    m_Modifications:
    - target: {fileID: 5144653662234787683, guid: 80eb0d5691c0e6147a10dbf41c852cc2,
        type: 3}
      propertyPath: m_Name
      value: obstacle block (1)
      objectReference: {fileID: 0}
    - target: {fileID: 5144653662234787682, guid: 80eb0d5691c0e6147a10dbf41c852cc2,
        type: 3}
      propertyPath: m_LocalPosition.x
      value: 0.4106126
      objectReference: {fileID: 0}
    - target: {fileID: 5144653662234787682, guid: 80eb0d5691c0e6147a10dbf41c852cc2,
        type: 3}
      propertyPath: m_LocalPosition.y
      value: -0.0325
      objectReference: {fileID: 0}
    - target: {fileID: 5144653662234787682, guid: 80eb0d5691c0e6147a10dbf41c852cc2,
        type: 3}
      propertyPath: m_LocalPosition.z
      value: 0.48934934
      objectReference: {fileID: 0}
    - target: {fileID: 5144653662234787682, guid: 80eb0d5691c0e6147a10dbf41c852cc2,
        type: 3}
      propertyPath: m_LocalRotation.x
      value: -0
      objectReference: {fileID: 0}
    - target: {fileID: 5144653662234787682, guid: 80eb0d5691c0e6147a10dbf41c852cc2,
        type: 3}
      propertyPath: m_LocalRotation.y
      value: 0.34202
      objectReference: {fileID: 0}
    - target: {fileID: 5144653662234787682, guid: 80eb0d5691c0e6147a10dbf41c852cc2,
        type: 3}
      propertyPath: m_LocalRotation.z
      value: -0
      objectReference: {fileID: 0}
    - target: {fileID: 5144653662234787682, guid: 80eb0d5691c0e6147a10dbf41c852cc2,
        type: 3}
      propertyPath: m_LocalRotation.w
      value: 0.9396927
      objectReference: {fileID: 0}
    - target: {fileID: 5144653662234787682, guid: 80eb0d5691c0e6147a10dbf41c852cc2,
        type: 3}
      propertyPath: m_RootOrder
      value: 2
      objectReference: {fileID: 0}
    - target: {fileID: 5144653662234787682, guid: 80eb0d5691c0e6147a10dbf41c852cc2,
        type: 3}
      propertyPath: m_LocalEulerAnglesHint.x
      value: 0
      objectReference: {fileID: 0}
    - target: {fileID: 5144653662234787682, guid: 80eb0d5691c0e6147a10dbf41c852cc2,
        type: 3}
      propertyPath: m_LocalEulerAnglesHint.y
      value: 0
      objectReference: {fileID: 0}
    - target: {fileID: 5144653662234787682, guid: 80eb0d5691c0e6147a10dbf41c852cc2,
        type: 3}
      propertyPath: m_LocalEulerAnglesHint.z
      value: 0
      objectReference: {fileID: 0}
    - target: {fileID: 5144653662234787682, guid: 80eb0d5691c0e6147a10dbf41c852cc2,
        type: 3}
      propertyPath: m_LocalScale.y
      value: 0.4626
      objectReference: {fileID: 0}
    m_RemovedComponents: []
  m_SourcePrefab: {fileID: 100100000, guid: 80eb0d5691c0e6147a10dbf41c852cc2, type: 3}
--- !u!4 &5796961762146839926 stripped
Transform:
  m_CorrespondingSourceObject: {fileID: 5144653662234787682, guid: 80eb0d5691c0e6147a10dbf41c852cc2,
    type: 3}
  m_PrefabInstance: {fileID: 1663949486124323348}
  m_PrefabAsset: {fileID: 0}
--- !u!1001 &1663949486499931537
PrefabInstance:
  m_ObjectHideFlags: 0
  serializedVersion: 2
  m_Modification:
    m_TransformParent: {fileID: 5834797357768736048}
    m_Modifications:
    - target: {fileID: 5144653662234787683, guid: 80eb0d5691c0e6147a10dbf41c852cc2,
        type: 3}
      propertyPath: m_Name
      value: obstacle block (1)
      objectReference: {fileID: 0}
    - target: {fileID: 5144653662234787682, guid: 80eb0d5691c0e6147a10dbf41c852cc2,
        type: 3}
      propertyPath: m_LocalPosition.x
      value: -0.6290952
      objectReference: {fileID: 0}
    - target: {fileID: 5144653662234787682, guid: 80eb0d5691c0e6147a10dbf41c852cc2,
        type: 3}
      propertyPath: m_LocalPosition.y
      value: -0.0325
      objectReference: {fileID: 0}
    - target: {fileID: 5144653662234787682, guid: 80eb0d5691c0e6147a10dbf41c852cc2,
        type: 3}
      propertyPath: m_LocalPosition.z
      value: 0.11092681
      objectReference: {fileID: 0}
    - target: {fileID: 5144653662234787682, guid: 80eb0d5691c0e6147a10dbf41c852cc2,
        type: 3}
      propertyPath: m_LocalRotation.x
      value: -0
      objectReference: {fileID: 0}
    - target: {fileID: 5144653662234787682, guid: 80eb0d5691c0e6147a10dbf41c852cc2,
        type: 3}
      propertyPath: m_LocalRotation.y
      value: -0.6427874
      objectReference: {fileID: 0}
    - target: {fileID: 5144653662234787682, guid: 80eb0d5691c0e6147a10dbf41c852cc2,
        type: 3}
      propertyPath: m_LocalRotation.z
      value: -0
      objectReference: {fileID: 0}
    - target: {fileID: 5144653662234787682, guid: 80eb0d5691c0e6147a10dbf41c852cc2,
        type: 3}
      propertyPath: m_LocalRotation.w
      value: 0.7660447
      objectReference: {fileID: 0}
    - target: {fileID: 5144653662234787682, guid: 80eb0d5691c0e6147a10dbf41c852cc2,
        type: 3}
      propertyPath: m_RootOrder
      value: 4
      objectReference: {fileID: 0}
    - target: {fileID: 5144653662234787682, guid: 80eb0d5691c0e6147a10dbf41c852cc2,
        type: 3}
      propertyPath: m_LocalEulerAnglesHint.x
      value: 0
      objectReference: {fileID: 0}
    - target: {fileID: 5144653662234787682, guid: 80eb0d5691c0e6147a10dbf41c852cc2,
        type: 3}
      propertyPath: m_LocalEulerAnglesHint.y
      value: 0
      objectReference: {fileID: 0}
    - target: {fileID: 5144653662234787682, guid: 80eb0d5691c0e6147a10dbf41c852cc2,
        type: 3}
      propertyPath: m_LocalEulerAnglesHint.z
      value: 0
      objectReference: {fileID: 0}
    - target: {fileID: 5144653662234787682, guid: 80eb0d5691c0e6147a10dbf41c852cc2,
        type: 3}
      propertyPath: m_LocalScale.x
      value: 0.26165223
      objectReference: {fileID: 0}
    - target: {fileID: 5144653662234787682, guid: 80eb0d5691c0e6147a10dbf41c852cc2,
        type: 3}
      propertyPath: m_LocalScale.y
      value: 0.4626
      objectReference: {fileID: 0}
    - target: {fileID: 5144653662234787682, guid: 80eb0d5691c0e6147a10dbf41c852cc2,
        type: 3}
      propertyPath: m_LocalScale.z
      value: 0.14736134
      objectReference: {fileID: 0}
    m_RemovedComponents: []
  m_SourcePrefab: {fileID: 100100000, guid: 80eb0d5691c0e6147a10dbf41c852cc2, type: 3}
--- !u!4 &5796961762912705267 stripped
Transform:
  m_CorrespondingSourceObject: {fileID: 5144653662234787682, guid: 80eb0d5691c0e6147a10dbf41c852cc2,
    type: 3}
  m_PrefabInstance: {fileID: 1663949486499931537}
  m_PrefabAsset: {fileID: 0}
--- !u!1001 &1701277056052111040
PrefabInstance:
  m_ObjectHideFlags: 0
  serializedVersion: 2
  m_Modification:
    m_TransformParent: {fileID: 5834797357768736048}
    m_Modifications:
    - target: {fileID: 5144653662234787683, guid: 80eb0d5691c0e6147a10dbf41c852cc2,
        type: 3}
      propertyPath: m_Name
      value: obstacle block
      objectReference: {fileID: 0}
    - target: {fileID: 5144653662234787682, guid: 80eb0d5691c0e6147a10dbf41c852cc2,
        type: 3}
      propertyPath: m_LocalPosition.x
      value: 0
      objectReference: {fileID: 0}
    - target: {fileID: 5144653662234787682, guid: 80eb0d5691c0e6147a10dbf41c852cc2,
        type: 3}
      propertyPath: m_LocalPosition.y
      value: -0.0325
      objectReference: {fileID: 0}
    - target: {fileID: 5144653662234787682, guid: 80eb0d5691c0e6147a10dbf41c852cc2,
        type: 3}
      propertyPath: m_LocalPosition.z
      value: 0.6388
      objectReference: {fileID: 0}
    - target: {fileID: 5144653662234787682, guid: 80eb0d5691c0e6147a10dbf41c852cc2,
        type: 3}
      propertyPath: m_LocalRotation.x
      value: 0
      objectReference: {fileID: 0}
    - target: {fileID: 5144653662234787682, guid: 80eb0d5691c0e6147a10dbf41c852cc2,
        type: 3}
      propertyPath: m_LocalRotation.y
      value: 0
      objectReference: {fileID: 0}
    - target: {fileID: 5144653662234787682, guid: 80eb0d5691c0e6147a10dbf41c852cc2,
        type: 3}
      propertyPath: m_LocalRotation.z
      value: 0
      objectReference: {fileID: 0}
    - target: {fileID: 5144653662234787682, guid: 80eb0d5691c0e6147a10dbf41c852cc2,
        type: 3}
      propertyPath: m_LocalRotation.w
      value: 1
      objectReference: {fileID: 0}
    - target: {fileID: 5144653662234787682, guid: 80eb0d5691c0e6147a10dbf41c852cc2,
        type: 3}
      propertyPath: m_RootOrder
      value: 0
      objectReference: {fileID: 0}
    - target: {fileID: 5144653662234787682, guid: 80eb0d5691c0e6147a10dbf41c852cc2,
        type: 3}
      propertyPath: m_LocalEulerAnglesHint.x
      value: 0
      objectReference: {fileID: 0}
    - target: {fileID: 5144653662234787682, guid: 80eb0d5691c0e6147a10dbf41c852cc2,
        type: 3}
      propertyPath: m_LocalEulerAnglesHint.y
      value: 0
      objectReference: {fileID: 0}
    - target: {fileID: 5144653662234787682, guid: 80eb0d5691c0e6147a10dbf41c852cc2,
        type: 3}
      propertyPath: m_LocalEulerAnglesHint.z
      value: 0
      objectReference: {fileID: 0}
    - target: {fileID: 5144653662234787682, guid: 80eb0d5691c0e6147a10dbf41c852cc2,
        type: 3}
      propertyPath: m_LocalScale.y
      value: 0.4626
      objectReference: {fileID: 0}
    m_RemovedComponents: []
  m_SourcePrefab: {fileID: 100100000, guid: 80eb0d5691c0e6147a10dbf41c852cc2, type: 3}
--- !u!4 &5834797357990451618 stripped
Transform:
  m_CorrespondingSourceObject: {fileID: 5144653662234787682, guid: 80eb0d5691c0e6147a10dbf41c852cc2,
    type: 3}
  m_PrefabInstance: {fileID: 1701277056052111040}
  m_PrefabAsset: {fileID: 0}
